\usepackage{amsmath}

@article{PhysRevLett.121.171802,
  title = "{Search for $CP$ Violation in Neutrino and Antineutrino Oscillations by the T2K Experiment with $2.2\ifmmode\times\else\texttimes\fi{}{10}^{21}$ Protons on Target}",
  author = {Abe, K. and others},
  collaboration = {T2K Collaboration},
  journal = {Phys. Rev. Lett.},
  volume = {121},
  issue = {17},
  pages = {171802},
  numpages = {9},
  year = {2018},
  month = {Oct},
  publisher = {American Physical Society},
  doi = {10.1103/PhysRevLett.121.171802},
  url = {https://link.aps.org/doi/10.1103/PhysRevLett.121.171802}
}

@article{Abe:2018uyc,
      author         = "Abe, K. and others",
      title          = "{Hyper-Kamiokande Design Report}",
      collaboration  = "Hyper-Kamiokande",
      year           = "2018",
      eprint         = "1805.04163",
      archivePrefix  = "arXiv",
      primaryClass   = "physics.ins-det",
      SLACcitation   = "%%CITATION = ARXIV:1805.04163;%%"
}

@article{acciarri2016longbaseline,
    title="{Long-Baseline Neutrino Facility (LBNF) and Deep Underground Neutrino Experiment (DUNE) Conceptual Design Report, Volume 4 The DUNE Detectors at LBNF}",
    author="Acciarri, R. and others",
    year="2016",
    eprint={1601.02984},
    archivePrefix={arXiv},
    primaryClass={physics.ins-det}
}

@article{FUKUDA2002179,
title = "{Determination of Solar Neutrino Oscillation Parameters using 1496 days of Super-Kamiokande-I Data}",
journal = "Physics Letters B",
volume = "539",
number = "3",
pages = "179 - 187",
year = "2002",
issn = "0370-2693",
doi = "https://doi.org/10.1016/S0370-2693(02)02090-7",
url = "http://www.sciencedirect.com/science/article/pii/S0370269302020907",
author = "Fukuda, S. and others",
keywords = "Neutrino, Solar neutrino, Super-Kamiokande",
abstract = "A number of different fits to solar neutrino mixing and mass square difference were performed using 1496 days of Super-Kamiokande-I's solar neutrino data. These data select two allowed areas at large neutrino mixing when combined with either the solar 8B flux prediction of the standard solar model or the SNO interaction rate measurements. A global fit combining SK data with the solar neutrino interaction rates measured by Homestake, SNO, Gallex/GNO and SAGE prefers a single allowed area, the Large Mixing Angle solution, at the 98.9% confidence level. The mass square difference Δm2 between the two mass eigenstates ranges from about 3 to 19×10−5 eV2, while the mixing angle θ is in the range of tan2θ≈0.25–0.65."
}

@article{Ahmad_2001,
   title="{Measurement of the Rate of $\nu_e+d\rightarrow p+p+e^-$Interactions Produced by B$^8$ Solar Neutrinos at the Sudbury Neutrino Observatory}",
   volume={87},
   ISSN={1079-7114},
   url={http://dx.doi.org/10.1103/PhysRevLett.87.071301},
   DOI={10.1103/physrevlett.87.071301},
   number={7},
   journal={Phys. Rev. Lett.},
   publisher={American Physical Society (APS)},
   author={Ahmad, Q. R. and others},
   year={2001},
   month={Jul}
}


@INPROCEEDINGS{chadwick,
	title = "{Bakerian Lecture: The Neutron}",
	author = "Chadwick, J.",
	booktitle = "{Proceedings of the Royal Society of London A: Mathematical, Physical and Engineering Science}",
    volume = {142},
    series = {1},
    year = {1933}
    }

@INPROCEEDINGS{bethe1934neutrino,
  title="",
  author={Ellis, C. D. and Mott, N. F.},
  booktitle = "{Proceedings of the Royal Society of London A: Mathematical, Physical and Engineering Science}",
  volume={147},
  series={502},
  year={1934},
}

@INPROCEEDINGS{pauli,
booktitle = "{Rapports du SeptiAlme Conseil de Physique Solvay, GauthieraARVillars, Paris}",
author =  {Pauli, W.},
year = {1993}
}

@article{fermi,
author = {Fermi, E.},
journal = "{Zeitschrift fur Physik}", 
volume = "88",
number = "161",
year = "1934"
}

@article{cowan,
author = "Cowan, C. L. and Reines, F. and others",
journal=  "{Science}",
volume ="124",
number = "103",
year = "1956"
}

@article{davis, 
author = "Davis, R.",
title = "{Attempt to Detect the Antineutrinos from a Nuclear Reactor by the Cl$^{37}$($\nu,e^{−}$)A$^{37}$ Reaction}",
journal={Phys. Rev.},
volume={97},
pages={766–769},
year={1955}, 
DOI={10.1103/PhysRev.97.766}
}

@article{lederman,
author = "Danby, G. and others",
title = "{Observation of High-Energy Neutrino Reactions and the Existence of Two Kinds of Neutrinos}",
journal="{Phys. Rev. Lett.}",
volume = "9",
pages = "36–44",
year = "1962",
DOI = "10.1103/PhysRevLett.9.36"
}

@article{cernnuflavs,
author = "Block, M. M. and others",
title = "{Neutrino Interactions in the CERN Heavy Liquid Bubble Chamber}",
journal = "{Phys. Rev. Lett.}",
volume = "12 (3)",
pages = "281–285",
year = "1964",
DOI = "10.1016/0031-9163(64)91104-7"
}

@article{taudiscovery,
author = "Kodama, K. and others",
title = "{Observation of Tau Neutrino Interactions}",
journal = "Physics Letters B",
volume = "504 (3)",
pages = "218–224",
year = "2001"
}

@article{lepslac,
author = "Perl, M. L. and others",
title = "{Evidence for Anomalous Lepton Production in $e^+ − e^−$ Annihilation}",
journal = "{Phys. Rev. Lett.}",
volume = "35",
pages = "1489–1492",
year = "1975"
}

@article{universalN,
author = "Lattanzi, M.",
journal = "Journal of Physics: Conference Series",
volume = "718, 032008", 
year = "2016"
}

@article{behcallflux,
title="{New Solar Opacities, Abundances, Helioseismology, and Neutrino Fluxes}",
author = "Bahcall, J. and Serenelli, A.",
journal = "Astrophys. J.",
volume = "621",
pages = "85–L88",
year = "2005"
}

@article{davis2,
author = "Davis, R. and Harmer, D. S. and Hoffman K. C.",
title = "{Search for Neutrinos from the Sun}", 
journal = "{Phys. Rev. Lett.}",
volume = "20",
pages = "1205–1209",
year = 1968
}

@article{pontecorvo,
title = "{Neutrino Experiments and the Problem of Conservation of Leptonic Charge}",
author = "Pontecorvo, B.",
journal = "Sov. Phys. JETP",
volume="26",
pages = "984",
year = "1968"
}

@article{ckm,
author = "Cabibbo, N.",
journal = "Phys. Rev. Lett.",
volume = "10",
pages = "531",
year = "1963"
}

@article{ckm2,
author = "Kobayashi, M. and Maskawa, T.",
journal = "Progress of Theoretical Physics",
volume = "49",
pages = "652",
year =1973
}
@article{kamiokande,
author = "Hirata K. S. and others", 
journal = "Phys. Rev. Lett.",
volume = "63",
pages = "16",
year = "1989"
}

@article{gallex,
author = "Hampel, W. and others", 
journal = "Physics Letters B",
volume = "447",
pages = "127",
year =" 1999"
}

@article{sage,
author = "Abdurashitov, J. N. and others",
journal = "Phys. Rev. C",
volume = "60",
year = 1999
}

@article{snoresult,
title = "{Direct Evidence for Neutrino Flavor Transformation from Neutral-Current Interactions in the Sudbury Neutrino Observatory}",
author = "Ahmad, Q. R. and others",
journal = "Phys. Rev. Lett.",
volume = "89",
year = "2002"
}

@article{reines,
author = "Reines, F. and others",
journal = "Phys. Rev. Lett.",
volume = "15",
page = "429",
year = "1965"
}

@article{imb,
author = "Haines, T. J. and others",
journal = "Phys. Rev. Lett.",
volume = "57",
year = "1986"
}

@article{kamiokande2,
author = "Hirata, K. and others",
journal = "Physics Letters B",
volume = "205",
pages = "416",
year = "1988"
}

@article{skfluxatmos,
title = "{Establishing Atmospheric Neutrino Oscillations with Super-Kamiokande}",
author = "Kajita, T. and others",
journal = "Nuclear Physics B",
volume = "908",
pages = "14–29",
year = "2016"
}

@article{kamland,
author = "Eguchi, K. and others",
title = "{First Results from KamLAND: Evidence for Reactor Antineutrino Disappearance}",
journal = "Phys. Rev. Lett.",
volume = "90",
year = "2003"
}

@article{reno,
author = "Ahn, J. K. and others", 
journal = "Phys. Rev. Lett.",
volume = "108",
year = "2012"
}

@article{doublechooz,
author = "Abe, Y. and others",
journal = "Journal of High Energy Physics 2016",
volume = "163",
year = "2016"
}

@article{dayabay,
author = "An, F. P. and others",
journal = "Phys. Rev. Lett.",
volume = "108",
year = "2012"
}

@article{k2k,
author = "Ahn, M. H. and others",
journal = "Phys. Rev. D",
volume = "74",
year = "2006"
}

@article{minos,
author = "Michael, D. G. and others",
journal = "Phys. Rev. Lett.",
volume = "97",
year = "2006"
}

@article{nova,
author = "Adamson, P. and others",
journal = "Phys. Rev. Lett.",
volume = "116",
year = "2016"
}

@article{opera,
author = "Acquafredda, R. and others",
journal = "Journal of Instrumentation",
volume = "4",
pages = "P04018",
year = "2009"
}

@article{lsnd,
author = "Aguilar, A. and others",
journal = "Phys. Rev. D",
volume = "64",
year = "2001"
}

@article{karmen,
  author={Eitel, K.  and others},
  journal={Nuclear Physics B-Proceedings Supplements},
  volume={91},
  number={1-3},
  pages={191--197},
  year={2001},
  publisher={Elsevier}
}

@article{icarus,
author = "Amerio, S. and others",
journal = "Nuclear Instruments and Methods in Physics Research Section A: Accelerators, Spectrometers, Detectors and Associated Equipment",
volume = "527",
pages = "329",
year = 2004
}

@article{miniboone1,
author = "Aguilar-Arevalo, A. A. and others",
journal = "Phys. Rev. Lett.",
volume = "110",
year = "2013"
}

@article{miniboone2,
author = "Aguilar-Arevalo, A. A. and others",
journal = "Phys. Rev. Lett.",
volume = "121",
year = "2018"
}

@article{pmns,
author = "Gribov, V. and Pontecorvo, B.",
journal = "Physics Letters B",
volume = "28",
pages = "493",
year = "1969"
}

@article{hierarchyplot,
title = "{Neutrino Mass Hierarchy}",
author = "Qian, X. and others",
journal = "{Progress of Particle and Nuclear Physics}",
volume = "83",
year = "2015"
}

@article{majorana,
author = "Ettore, M. and Maiani, L.",
title = "{Teoria Simmetrica dell'Elettrone e del Positrone}",
journal = "{Il Nuovo Cimento}",
volume = "14 (4)",
pages = "171–84",
year = "1937"
}

@article{msw,
author = "Mikheyev, S. and Smirnov, A.",
journal = "Soviet Journal of Nuclear Physics",
volume = "42",
pages = "913",
year = "1985"
}

@article{massdensity,
author = "Hagiwara, K. and Okamura, N. and Senda, K.",
title = "{The Earth Matter Effects in Neutrino Oscillation Experiments from Tokai to Kamioka and Korea}",
journal = "Journal of High Energy Physics",
volume = "2011 (9)",
pages = "82",
year = "2011"
}

@article{models,
author = "Alvarez-Ruso, L. and Hayato, Y. and Nieves, J.",
journal = "New Journal of Physics",
volume = "16",
year = "2014"
}

@article{nuxsec,
title = "{Recent Developments in Neutrino/Antineutrino - Nucleus Interactions}",
author = "Morfin, J. G. and Nieves, J. and Sobczyk, J.",
journal = "Advances in High Energy Physics",
volume = "6",
year = "2012"
}

@article{microboone,
author = "Aguilar-Arevalo, A. A. and others",
journal = "Nuclear Instruments and Methods in Physics Research Section A: Accelerators, Spectrometers, Detectors and Associated Equipment",
volume = "599",
pages = "28",
year = "2009"
}

@article{sbn,
  title="{The Short-Baseline Neutrino Program at Fermilab}",
  author={Machado, P. A. N. and Palamara, O. S.},
  journal={Annual Review of Nuclear and Particle Science},
  volume={69},
  pages={363--387},
  year={2019},
  publisher={Annual Reviews}
}

@article{borexino,
  title="{First Evidence of $p e p$ Solar Neutrinos by Direct Detection in Borexino}",
  author={Bellini, G. and Benziger, J. and Bick, D. and Bonetti, S. and others},
  journal={Phys. Rev. Lett.},
  volume={108},
  number={5},
  pages={051302},
  year={2012},
  publisher={APS}
}

@article{snoplus,
  title="{SNO with Liquid Scintillator: SNO+}",
  author={Kraus, C. and others},
  journal={Progress in Particle and Nuclear Physics},
  volume={57},
  number={1},
  pages={150--152},
  year={2006},
  publisher={Elsevier}
}

@article{icecube,
  title="{IceCube—The Next Generation Neutrino Telescope at the South Pole}",
  author={Karle, A. and Ahrens, J. and Bahcall, J. N. and  others},
  journal={Nuclear Physics B-Proceedings Supplements},
  volume={118},
  pages={388--395},
  year={2003},
  publisher={Elsevier}
}

@article{antares,
  title="{ANTARES: The First Undersea Neutrino Telescope}",
  author={Ageron, M. and Aguilar, J. A. and others},
  journal={Nuclear Instruments and Methods in Physics Research Section A: Accelerators, Spectrometers, Detectors and Associated Equipment},
  volume={656},
  number={1},
  pages={11--38},
  year={2011},
  publisher={Elsevier}
}

@article{danss,
  title="{Search for Sterile Neutrinos at the DANSS Experiment}",
  author={Alekseev, I. and Belov, V. and others},
  journal={Physics Letters B},
  volume={787},
  pages={56--63},
  year={2018},
  publisher={Elsevier}
}

@article{neos,
  title="{Sterile Neutrino Search at the NEOS Experiment}",
  author={Ko, Y. J. and Kim, B. R. and others},
  journal={Phys. Rev. Lett.},
  volume={118},
  number={12},
  pages={121802},
  year={2017},
  publisher={APS}
}

@article{prospect,
  title="{First Search for Short-Baseline Neutrino Oscillations at HFIR with PROSPECT}",
  author={Ashenfelter, J. and Balantekin, A. B. and others},
  journal={Phys. Rev. Lett.},
  volume={121},
  number={25},
  pages={251802},
  year={2018},
  publisher={APS}
}

@inproceedings{stereo,
  title="{Search for eV Sterile Neutrinos at a Nuclear Reactor—the Stereo Project}",
  author={Haser, J. and others},
  booktitle={Journal of Physics: Conference Series},
  volume={718},
  number={6},
  pages={062023},
  year={2016},
  organization={IOP Publishing}
}

@article{solid,
  title="{SoLid: Search for Oscillations with Lithium-6 Detector at the SCK-CEN BR2 Reactor}",
  author={Ban, G. and Beaumont, W. and others},
  journal={Nuclear and Particle Physics Proceedings},
  volume={273},
  pages={2690--2692},
  year={2016},
  publisher={Elsevier}
}

@article{pdg,
author = "Tanabashi, M. and others",
title = "{(Particle Data Group)}",
journal = "Phys. Rev. D",
volume = "98",
pages = "030001",
year = "2018 and 2019 update"
}

@inproceedings{juno,
  title="{Status and Prospects of the JUNO Experiment}",
  author={Ranucci, G. and others},
  booktitle={Journal of Physics: Conference Series},
  volume={888},
  number={1},
  pages={012022},
  year={2017},
  organization={IOP Publishing}
}

@article{2011majorana,
  title="{The Majorana Experiment}",
  author={Aalseth, C. E. and Aguayo, E. and others},
  journal={Nuclear Physics Section B Proceedings Supplements},
  volume={217},
  number={1},
  pages={44},
  year={2011}
}

@inproceedings{nexo,
  title="{nEXO-Neutrinoless Double Beta Decay Experiment}",
  author={Mong, B. and others},
  booktitle={XIII International Conference on Heavy Quarks and Leptons},
  volume={274},
  pages={074},
  year={2017},
  organization={SISSA Medialab}
}

@article{kamlandzen,
  title="{Precision Analysis of the Xe-136 Two-Neutrino $\beta$ $\beta$ Spectrum in KamLAND-Zen and its Impact on the Quenching of Nuclear Matrix Elements}",
  author={Gando, A. and Gando, Y. and others},
  journal={Phys. Rev. Lett.},
  volume={122},
  number={19},
  pages={192501},
  year={2019},
  publisher={APS}
}

@article{darkmatter,
   title="{The Phenomonology of Right Handed Neutrinos}",
   volume={22},
   ISSN={1793-6608},
   number={08},
   journal={International Journal of Modern Physics E},
   publisher={World Scientific Pub Co Pte Lt},
   author={Drewes, M.},
   year={2013},
   month={Aug},
   pages={1330019}
}

@article{PhysRevLett.112.061802,
  title = "{Observation of Electron Neutrino Appearance in a Muon Neutrino Beam}",
  author = {Abe, K. and others},
  collaboration = {T2K Collaboration},
  journal = {Phys. Rev. Lett.},
  volume = {112},
  issue = {6},
  pages = {061802},
  numpages = {8},
  year = {2014},
  month = {Feb},
  publisher = {American Physical Society},
  doi = {10.1103/PhysRevLett.112.061802},
  url = {https://link.aps.org/doi/10.1103/PhysRevLett.112.061802}
}

@article{nova2016,
	author = {Adamson, P. and others},
	collaboration = {NOvA Collaboration},
	journal = {Phys. Rev. Lett.},
  	volume = {116},
  pages = {151806},
  year = {2014},
  publisher = {American Physical Society},
  url = {https://link.aps.org/doi/10.1103/PhysRevLett.116.151806}
}	

@article{ninja,
	title = "{Proposal for Precise Measurement of Neutrino-Water Cross-Section in NINJA Physics Run}",
	author = {Fukuda, T. and others},
	journal = {Proposal for J-PARC and KEK},
 	year = {2017}
}	

@article{wagasci,
	author = {Ovsiannikova, T. and others},
	journal = {Physics of Particles and Nuclei},
	volume = {48},	
	pages = {1014},
 	year = {2017},
 	url = {https://doi.org/10.1134/S1063779617060478}
}

@article{babymind,
	author = {Antonova, M. and others},
	journal = {Journal of Instrumentation},
	volume = {12},	
	pages = {C07028},
 	year = {2017},
 	url = {http://stacks.iop.org/1748-0221/12/i=07/a=C07028}
}

@article{jparc,
	author = {Yamazaki, Y. and others},
	title = {Accelerator Technical Design Report for J-PARC},
 	year = {2003}
}

@article{mumon,
	author = {Matsuoka, K. and others},
	journal = {Nuclear Instruments and Methods in Physics Research Section A: Accelerators, Spectrometers, Detectors and Associated Equipment},
	volume = {624},
	pages = {591},
	year = {2010},
	url = { http://www.sciencedirect.com/science/article/pii/S016890021002098X}
}

@article{Enuoffaxis,
	author = {Beavis, D. and others},
	title = "{Long Baseline Neutrino Oscillation Experiment, E889, Physics Design Report}",
	volume = {Chapter III A},
	pages = {BNL 52459},
	year = {1995},
	url = {http://puhep1. princeton.edu/~mcdonald/nufact/e889/chapter3a.pdf}
	}

@article{fluka,
	author = {Battistoni, G. and others},
	title = "{The FLUKA Code: Description and Benchmarking}",
	journal = {AIP Conference Proceedings},
	volume = {896 (1)},
	pages = {31-49},
	year = {2007},
	doi = {10.1063/1.2720455}
}

@article{na61,
	author = {Abgrall, N. and others},
	collaboration = {NA61/SHINE Collaboration},
	title = "{Measurements of Cross Sections and Charged Pion Spectra in Proton-Carbon Inter- actions at 31 GeV/c}",
	journal = {Phys. Rev. C},
	volume = {84},
	pages = {034604},
	year = {2011},
	doi = {10.1103/PhysRevC.84.034604}
}

@article{geant4,
	author = {Brun, R. and Carminiti, F. and Giani, S. },
	title = "{GEANT: Detector Description and Simulation Tool}",
	journal = {Technical Report No. CERN-W5013},
	year = {1994},
	url = {http://www. slac.stanford.edu/comp/physics/cernlib/cerndoc/geant/aaaa.ps.gz}
}

@article{jnubeam,
	author = {Abe., K. and others},
	collaboration = {T2K Collaboration},
	title = "{The T2K Neutrino Flux Prediction}",
  journal = {Phys. Rev. D},
  volume = {87},
  issue = {1},
  pages = {012001},
  numpages = {34},
  year = {2013},
  month = {Jan},
  publisher = {American Physical Society},
  doi = {10.1103/PhysRevD.87.012001},
  url = {https://link.aps.org/doi/10.1103/PhysRevD.87.012001}
}

@article{gcalor,
	author = {Zeitnitz, C. and Gabriel, T. A.},
	title = "{The GEANT-CALOR Interface and Benchmark Calculations of ZEUS Test Calorimeters}",
	journal = {Nuclear Instruments and Methods in Physics Research Section A: Accelerators, Spectrometers, Detectors and Associated Equipment},
	 volume = {349 (1)},
	 pages = {106 – 111},
	 year = {1994},
	 doi = {10.1016/0168-9002(94)90613-0}
}

@article{tript,
	author = {Abe, K. and others},
	title = "{The T2K Experiment}",
	journal = {Nuclear Instruments and Methods in Physics Research A},
	volume = {659},
	pages = {106-135},
	year = {2011}
}

@article{neut,
	author = {Hayato, Y.},
	journal = {Acta Physica Polonica B},
	volume = {40},
	year = {2009}
}
	
@article{skrecoalg,
	author = {Kasuga, S. and others},
	title = "{A Study on the Electron-Muon Identification Capability of a Water Cherenkov Detector and the Atmospheric Neutrino Problem}",
	journal = {Physics Letters B},
	volume = {374},
	pages = {238-242},
	year = {1996}
} 

@article{geant3,
	author = {Brun, R. and others},
	title = "{GEANT: Detector Description and Simulation Tool}",
	journal = {CERN Program Library},
	volume = {Long Writeup W5013},
	year = {1993},
	url = {http://cds.cern.ch/record/1082634}
}

@article{Met,
	author = {Metropolis, N. and others},
	title = "{Equation of State Calculations by Fast Computing Machines}",
	journal = {The Journal of Chemical Physics},
	volume = {21},
	issue = {6},
	pages = {1087-1092},
	year = {1953}
}

@article{MetHast,
	author = {Hastings, W. K. and others},
	title = "{Monte Carlo Sampling Methods Using Markov Chains and their Applications}",
	journal = {Biometrika},
	volume = {57},
	issue = {1},
	pages = {97-109},
	year = {1970}
}

@article{AccRate,
	author = {Dunkley, J. and others},
	title = "{Fast and Reliable Markov Chain Monte Carlo Technique for Cosmological Parameter Estimation}",
	journal = {Monthly Notices of the Royal Astronomical Society},
	volume = {356},
	issue = {3},
	pages = {925-936},
	year = {2005}
}

@article{root,
	author = {Brun, R. and Rademakers, F.},
	title = "{ROOT - An Object Orientated Data Analysis Framework}",
	journal = {Nucl. Instrum. Meth. in Phys. Res. A},
	volume = {389},
	pages = {81-86},
	year = {1997}
}

@article{beestonbarlow,
	author = {Conway, J. S},
	title = "{Incorporating Nuisance Parameters in Likelihoods for Multisource Spectra}",
	journal = {PHYSTAT 2011},
	year = {2011}
}

@article{tn212, 
	author = {Bartet, P. and others},
	title = "{$\nu_{\mu}$ CC Event Selections in the ND280 Tracker Using Run 2+3+4 Data}",
	journal = {T2K},
	issue = {Technote 212},
	year = {2015}
}

@article{benhar, 
	author = {Benhar, O. and Fabrocini, A.},
	title = "{Two-Nucleon Spectral Function in Infinite Nuclear Matter}",
	journal = {Phys. Rev. C},
	volume = {62},
	pages = {034304},
	year = {2000}
}

@article{tn344, 
	author = {Bolognesi, S. and others},
	title = "{NIWG Model and Uncertainties for 2019-2020 Oscillation Analysis}",
	journal = {T2K},
	issue = {Technote 344},
	year = {2020}
}

@article{Nieves,
  title = "{Neutrino-Nucleus Quasi-Elastic and 2p2h Interactions up to 10 GeV}",
  author = {Gran, R. and Nieves, J. and Sanchez, F. and Vacas, M. J. Vicente},
  journal = {Phys. Rev. D},
  volume = {88},
  issue = {11},
  pages = {113007},
  numpages = {10},
  year = {2013},
  month = {Dec},
  publisher = {American Physical Society},
  doi = {10.1103/PhysRevD.88.113007},
  url = {https://link.aps.org/doi/10.1103/PhysRevD.88.113007}
}

@article{Martini,
  title = "{Unified Approach for Nucleon Knock-Out and Coherent and Incoherent Pion Production in Neutrino Interactions with Nuclei}",
  author = {Martini, M. and Ericson, M. and Chanfray, G. and Marteau, J.},
  journal = {Phys. Rev. C},
  volume = {80},
  issue = {6},
  pages = {065501},
  numpages = {16},
  year = {2009},
  month = {Dec},
  publisher = {American Physical Society},
  doi = {10.1103/PhysRevC.80.065501},
  url = {https://link.aps.org/doi/10.1103/PhysRevC.80.065501}
}

@article{reinessehgal,
	title = "{Neutrino-Excitation of Baryon Resonances and Single Pion Production}",
	author = {Rein, D. and Sehgal, L. M.},
	journal = {Annals of Physics},
	volume = {133},
	issue = {1},
	year = {1981}
}

@article{bubblechamber,
  title = "{Reanalysis of Bubble Chamber Measurements of Muon-Neutrino Induced Single Pion Production}",
  author = {Wilkinson, C. and Rodrigues, P. and Cartwright, S. and Thompson, L. and McFarland, K.},
  journal = {Phys. Rev. D},
  volume = {90},
  issue = {11},
  pages = {112017},
  numpages = {7},
  year = {2014},
  month = {Dec},
  publisher = {American Physical Society},
  doi = {10.1103/PhysRevD.90.112017},
  url = {https://link.aps.org/doi/10.1103/PhysRevD.90.112017}
}

@article{reincoh,
title = "{Coherent $\pi$0 Production in Neutrino Reactions}",
journal = "Nuclear Physics B",
volume = "223",
number = "1",
pages = "29 - 44",
year = "1983",
issn = "0550-3213",
doi = "https://doi.org/10.1016/0550-3213(83)90090-1",
url = "http://www.sciencedirect.com/science/article/pii/0550321383900901",
author = "Rein, D. and Sehgal, L. M.",
}

@article{grv98,
	author = {Gluck, M. and Reya, E. and Vogt, A.},
	title = "{Dynamical Parton Distributions Revisited}",
	journal = {The European Physical Journal C - Particles and Fields},
	volume = {5},
	issue = {3},
	pages = {461-470},
	year = {1998}
}

@article{by,
	author = {Bodek, A. and Yang, U.},
	title ="{A Unified Model for Inelastic $e - N$ and $\nu - N$ cross-sections at all $Q^{2}$}",
	journal = {AIP Conf. Proc.},
	volume = {792},
	issue = {1},
	pages = {257–260},
	year = {2005}
}

@article{agky,
	author = {Yang, T. and Andreopoulos, C. and Gallagher, H. and Kehayias, P},
	title = "{A Hadronization Model for the MINOS Experiment}",
 	journal = {AIP Conf. Proc.},
 	volume = {967},
 	pages = {269-275},
 	year = {2007}
 }
 
@article{NCxsec,
  title = "{Photon Emission in Neutral Current Interactions at the T2K Experiment}",
  author = {Wang, E. and Alvarez-Ruso, L. and Hayato, Y. and Mahn, K. and Nieves, J.},
  journal = {Phys. Rev. D},
  volume = {92},
  issue = {5},
  pages = {053005},
  numpages = {8},
  year = {2015},
  month = {Sep},
  publisher = {American Physical Society},
  doi = {10.1103/PhysRevD.92.053005},
  url = {https://link.aps.org/doi/10.1103/PhysRevD.92.053005}
}

@article{fsicascade,
title = "{Computer Simulation of Inclusive Pion Nuclear Reactions}",
journal = "Nuclear Physics A",
volume = "484",
number = "3",
pages = "557 - 592",
year = "1988",
issn = "0375-9474",
doi = "https://doi.org/10.1016/0375-9474(88)90310-7",
url = "http://www.sciencedirect.com/science/article/pii/0375947488903107",
author = "Salcedo, L. L. and Oset, E. and Vicente-Vacas, M. J. and Garcia-Recio, C",
}

@article{fsiscatt,
  title = "{Energy-Dependent Phase Shift Analysis of Pion-Nucleon Scattering below 400 MeV}",
  author = {Rowe, G. and Salomon, M. and Landau, R. H.},
  journal = {Phys. Rev. C},
  volume = {18},
  issue = {1},
  pages = {584--589},
  numpages = {0},
  year = {1978},
  month = {Jul},
  publisher = {American Physical Society},
  doi = {10.1103/PhysRevC.18.584},
  url = {https://link.aps.org/doi/10.1103/PhysRevC.18.584}
}

@article{RMFPred,
  title = "{General Study of Superscaling in QuasiElastic $(e,{e}^{'})$ and $(\nu,\mu)$ Reactions Using the Relativistic Impulse Approximation}",
  author = {Caballero, J. A.},
  journal = {Phys. Rev. C},
  volume = {74},
  issue = {1},
  pages = {015502},
  numpages = {12},
  year = {2006},
  month = {Jul},
  publisher = {American Physical Society},
  doi = {10.1103/PhysRevC.74.015502},
  url = {https://link.aps.org/doi/10.1103/PhysRevC.74.015502}
}

@article{tn315,
	author = "{Bolognesi, S. and others}",
	title = "{NIWG Model and Uncertainties for 2017 Oscillation Analysis}",
	journal = {T2K},
	issue = {Technote 315},
	year = {2017}
}

@article{coulombcorr,
	author = {Gueye, P. and others},
	title = "{Coulomb Distortion Measurements by Comparing Electron and Positron Quasi-Elastic Scattering off $^{12}$C and $^{208}$Pb}",
	journal = {Phys. Rev. C},
	volume = {60},
	pages = {044308},
	year = {1999}
}

@article{sakharov,
	author = {Sakharov, A. D.},
	title = "{Violation of CP Invariance, C Asymmetry, and Baryon Asymmetry of the Universe}",
	journal = {Pisma Zh. Eksp. Teor. Fiz.},
	volume = {5},
	year = {1967}
}

@article{quarkcpv,
	author = {Christenson, J. H. and Cronin, J. W. and Fitch, V. L. and Turlay, R.},
	title = "{Evidence for the 2$\pi$ Decay of the K$^{0}$ Meson}",
	journal = "{Phys. Rev. Lett.}",
	volume = {13},
	pages= {138–140},
	year = {1964}
	}
	
@article{leptogenesis,
	author = {Fukugita, M. and Yanagida, T.},
	title = "{Baryogenesis without Grand Unification}",
	journal = {Phys. Lett. B},
	volume = {174},
	pages = {45-47},
	year = {1986}
	}
	
@article{aleph,
	author = {The ALEPH Collaboration and others},
	title = "{Precision Electroweak Measurements on the Z Resonance}",
	journal = {Physics Reports},
	volume = {427},
	pages = {257-454},
	year = {2006}
	}

@article{solmod,
	author = {J.N. Bahcall, M.H. Pinsonneault, S. Basu},
	journal = {Astrophys. J.},
	volume = {555},
	pages = {990},
	year = {2001}
	}

@article{sphaleron,
	author = {S. Y. Khlebnikov, M. E. Shaposhnikov},
	title = "{The Statistical Theory of Anomalous Fermion Number Non-Conservation}",
	journal = {Nuclear Physics B},
	volume = {308},
	pages = {885-912},
	year = {1988}
	}

@article{lepto1,
	author = { S. Pascoli, S.T. Petcov, A. Riotto},
	journal = {Phys. Rev. D},
	volume = {75},
	pages = {083511},
	year = {2007}
	}
	
	@article{lepto2,
	author = { S. Pascoli, S.T. Petcov, A. Riotto},
	journal = {Phys. Rev. B},
	volume = {774},
	pages = {1},
	year = {2007}
	}
	
@article{t2knature,
	author = {Abe, K. and Akutsu, R. and Ali, A. and others},
	title = "{Constraint on the Matter–Antimatter Symmetry-Violating Phase in Neutrino Oscillations}",
	journal = {Nature},
	volume = {580}, 
	pages = {339–344},
	year = {2020}
	}
	
	@article{tn324, 
	author = {Bienstock, S. and others},
	title = "{Constraining the Flux and Cross Section Models with Data from the ND280 Detector using FGD1 and FGD2 for the 2017 Joint Oscillation Analysis}",
	journal = {T2K},
	issue = {Technote 324},
	year = {2017}
}

@article{tn399,
	author = {Wendell, R. and others},
	title = "{Super-Kamiokande Data Quality, MC, and Systematics in Run10}",
	journal = {T2K},
	issue = {Technote 399},
	year = {2020}
	}
	
@article{hptpcprop,
	author = {Andreopoulos, C. and others},
	title = "{Proposal to Measure Hadron Scattering with a Gaseous High Pressure TPC for Neutrino Oscillation Measurements}",
	journal = {CERN-SPSC-2017-030},
	issue = {SPSC-P-355},
	year = {2017}
	}	
	
	@article{dunehptpc,
	author = {DUNE HPgTPC Working Group},
	title = "{High-Pressure Argon gas TPC Option for the DUNE Near Detector}",
	journal = {DUNE},
	issue = {6652},
	year = {2018}
	}
	
	@article{nuwro,
	author = {Golan, T. and others},
	title = "{NuWro: the Wrocław Monte Carlo Generator of Neutrino Interactions}",
	journal = 	{Nuclear Physics B - Proceedings Supplements 2012},
	volume = {499},
	pages = {229-232},
	year = {2010}
	}

	@article{nustecscat,
	author = {Alvarez-Ruso, L. and others },
	title = "{Status and Challenges of Neutrino–Nucleus Scattering}",
	journal = {Progress in Particle and Nuclear Physics},
	issue = {C}, 
	volume = {100},
	year = {2018}
	}
	
	@article{stv1,
	author = {Lu, X.-G. and others },
	title = "{Measurement of Nuclear Effects in Neutrino Interactions with Minimal Dependence on Neutrino Energy}",
	journal = {American Physical Society},
	issue = {1}, 
	volume = {94},
	year = {2016}
	}
	
@article{stv2,
    title="{Probing Nuclear Effects at the T2K Near Detector Using Transverse Kinematic Imbalance}",
    author={Stephen Dolan},
    year={2015},
    eprint={1605.00179},
	journal = {NuPhys 2015}
}
	
	@article{stv3,
	author = {Lu, X.-G. and Pickering, L. },
	title = "{Theoretical Predictions of Transverse Kinematic Imbalance in Neutrino-Nucleus Interactions}",
	journal = {NuPhys 2015},
	year = {2015}
	}
	
	@article{tn217,
	author = {Friend, M. and others},
	title = "{Flux Prediction and Uncertainty Updates with NA61 2009 Thin Target Data and Negative Focussing Mode Predictions}",
	journal = {T2K},
	issue = {Technote 217},
	year = {2015}
	}
	
	@article{tn265,
	author = {Dunkman, M. and others},
	title = "{Updated Recommendation of the 2014-5 Oscillation Parameters}",
	journal = {T2K},
	issue = {Technote 265},
	year = {2015}
	}
	
@article{Cowan_2011,
   title="{Asymptotic Formulae for Likelihood-Based Tests of New Physics}",
   volume={71},
   ISSN={1434-6052},
   url={http://dx.doi.org/10.1140/epjc/s10052-011-1554-0},
   DOI={10.1140/epjc/s10052-011-1554-0},
   number={2},
   journal={The European Physical Journal C},
   publisher={Springer Science and Business Media LLC},
   author={Cowan, Glen and Cranmer, Kyle and Gross, Eilam and Vitells, Ofer},
   year={2011},
   month={Feb}
}	
	
@incollection{asmv,
	author = {Isaac Asimov},
	title = {Franchise},
	booktitle = {Isaac Asimov: The Complete Stories, Vol. 1},
	publisher = {Broadway Books},
	year = {1990}
	}
	
	@article{Gelman_Post,
	author         = "Andrew Gelman and Xiao-Li Meng and Hal Stern",
	title          = "{Posterior Predictive Assessment of Model Fitness via Realized Discrepancies}",
	year           = "1996",
	journal        = "Statistica Sinica",
	volume         = "6",
	pages          = "733-807"
}

@article{Gelman_Example,
	author         = "Andrew Gelman and Yuri Goegebeur and Francis Tuerlinckx and Iven Van Mechelen",
	title          = "{Diagnostic Checks for Discrete Data Regression Models using Posterior Predictive Simulations}",
	year           = "2000",
	journal        = "Appl. Statist.",
	volume         = "49 Par 2",
	pages          = "247-268"
}

@article{Gelman_Understanding,
	author         = {Gelman, A.},
	title          = "{Understanding Posterior p-values}",
	year           = {2013},
	journal        = {Electronic Journal of Statistics}
}	

	@article{tn331,
	author = {Bienstock, S. and others},
	title = "{Assessing the Effect of Cross-Section Model Uncertainties on the T2K Oscillation Analyses with Fake Data Studies using the BANFF, MaCh3, P-Theta and VALOR Fit Frameworks}",
	journal = {T2K},
	issue = {Technote 331},
	year = {2018}
	}	
	
	@article{tn395,
	author = {Munteanu, L. and others},
	title = "{Constraining the Flux and Cross Section Models with Data from ND280 using FGD1 and FGD2 for the 2020 Oscillation Analysis}",
	journal = {T2K},
	issue = {Technote 395},
	year = {2020}
	}		
	
	@article{tn397,
	author = {Berns, L. and others},
	title = "{Five Sample Joint Oscillation Analysis with T2K Run1–10 Data}",
	journal = {T2K},
	issue = {Technote 397},
	year = {2020}
	}
	
	@article{skdetsim,
	author = {Fukuda, S. and others},
	journal = {Nuclear Instruments and Methods in Physics Research Section A: Accelerators, Spectrometers, Detectors and Associated Equipment},
	issue = {501},
	volume = {418},
	year = {2003}
	} 

	@article{minuit,
    author = {James, F.},
    title = "{MINUIT Function Minimization and Error Analysis:  Reference Manual Version 94.1}",
    reportNumber = {CERN-D-506, CERN-D506},
    year = {1994}
}	
	
@article{minerva,
   title="{Design, Calibration, and Performance of the MINER$\nu$A Detector}",
   volume={743},
   ISSN={0168-9002},
   DOI={10.1016/j.nima.2013.12.053},
   journal={Nuclear Instruments and Methods in Physics Research Section A: Accelerators, Spectrometers, Detectors and Associated Equipment},
   publisher={Elsevier BV},
   author={Aliaga, L. and others},
   year={2014},
   pages={130–159}
}	

@Inbook{UA1,
author="Pimi{\"a}, M.",
editor="Carlson, Per and Trower, W. Peter",
title="{First Results of the UA1 Experiment}",
bookTitle="{Physics in Collision: High-Energy ee/ep/pp Interactions. Volume 2}",
year="1983",
publisher="Springer US",
address="Boston, MA",
pages="43--66",
isbn="978-1-4684-8465-6",
}

@article{nuenuebar,
  title = "{Differences in Quasielastic Cross Sections of Muon and Electron Neutrinos}",
  author = {Day, M. and McFarland, K. S.},
  journal = {Phys. Rev. D},
  volume = {86},
  issue = {5},
  pages = {053003},
  numpages = {8},
  year = {2012},
  month = {Sep},
  publisher = {American Physical Society},
  doi = {10.1103/PhysRevD.86.053003},
  url = {https://link.aps.org/doi/10.1103/PhysRevD.86.053003}
}

@article{kamlandfig,
  title = "{Precision Measurement of Neutrino Oscillation Parameters with KamLAND}",
  author = {Abe, S. and others},
  collaboration = {The KamLAND Collaboration},
  journal = {Phys. Rev. Lett.},
  volume = {100},
  issue = {22},
  pages = {221803},
  numpages = {5},
  year = {2008},
  month = {Jun},
  publisher = {American Physical Society},
  doi = {10.1103/PhysRevLett.100.221803},
  url = {https://link.aps.org/doi/10.1103/PhysRevLett.100.221803}
}

@article{sbanom,
  title = "{The Antineutrino Energy Structure in Reactor Experiments}",
  author = {Novella, P.},
  journal = {Advances in High Energy Physics},
  volume = {2015},
  issue = {364392},
  numpages = {12},
  year = {2015},
  publisher = {Hindawi Publishing Corporation},
  doi = {http://dx.doi.org/10.1155/2015/364392},
}

@article{chooz,
  title = "{Chooz Collaboration}",
  author = {M. Apollonio and others},
  journal = {Eur. Phys. J.},
  volume = {27},
  issue = {331},
  year = {2003},
}

@article{beamlinepic,
author = {MyeongJae, L. and others},
year = {2018},
month = {11},
pages = {133},
title = "{COMET Muon Conversion Experiment in J-PARC}",
volume = {6},
journal = {Frontiers in Physics},
doi = {10.3389/fphy.2018.00133}
}

@article{decayhorns,
   title="{Measurement of the Muon Beam Direction and Muon Flux for the T2K Neutrino Experiment}",
   volume={2015},
   ISSN={2050-3911},
   url={http://dx.doi.org/10.1093/ptep/ptv054},
   DOI={10.1093/ptep/ptv054},
   number={5},
   journal={Progress of Theoretical and Experimental Physics},
   publisher={Oxford University Press (OUP)},
   author={Suzuki, K. and Aoki, S. and Ariga, A. and Ariga, T. and Bay, F. and Bronner, C. and Ereditato, A. and Friend, M. and Hartz, M. and Hiraki, T. and et al.},
   year={2015},
   month={May},
   pages={53C01–0}
}

 @book{vladisavljevic_2020,
 place={S.l.}, 
 title="{Predicting the T2K Neutrino Flux and Measuring Oscillation Parameters}",
 publisher={Springer Nature},
 author={Vladisavljevic, T. },
 year={2020}
 } 
 
  @misc{yasutome_2020,
  title="{T2K Integrated POT}",
  url={https://www.t2k.org/docs/plotsx/frequentlyupdated/Beam/2020-02-12/slides-w-total-and-yearly-pot},
  journal={T2K Intranet},
  author={Yasutome, Kenji},
  year={2020},
  month={Feb}
  } 
  
  @misc{duffy2016antineutrino,
    title="{First Antineutrino Oscillation Results from T2K}",
    author={Kirsty Duffy},
    year={2016},
    eprint={1605.01626},
    archivePrefix={arXiv},
    primaryClass={hep-ex}
}

@article{fernandez,
author = {Fernandez, Pablo},
year = {2019},
month = {09},
pages = {24-28},
title = "{Recent Results from the Long-Baseline (LBL) Neutrino Oscillation Experiments},
journal = {SciPost Physics Proceedings}",
doi = {10.21468/SciPostPhysProc.1.029}
}

@article{t2kproposal,
author = {Abe, K. and others},
year = {2016},
month = {09},
title = "{Proposal for an Extended Run of T2K to $20\times10^{21}$ POT}"
}

 @misc{kikawa_2020,
 title="{INGRID and MUMON Measurements}",
 url={https://www.t2k.org/docs/plotsx/frequentlyupdated/nd280/ingrid/20200401/ingrid_official_mumon_si},
 journal={T2K Intranet},
 author={K. Tatsuya and others}, 
 year={2020},
 month={Apr}
 }
 
 @article{AMAUDRUZ20121,
title = "The T2K Fine-Grained Detectors",
journal = "Nuclear Instruments and Methods in Physics Research Section A: Accelerators, Spectrometers, Detectors and Associated Equipment",
volume = "696",
pages = "1 - 31",
year = "2012",
issn = "0168-9002",
doi = "https://doi.org/10.1016/j.nima.2012.08.020",
url = "http://www.sciencedirect.com/science/article/pii/S0168900212008789",
author = "P.-A. Amaudruz and others",
keywords = "Scintillation tracking detector, Wavelength shifting fiber, Multi-Pixel Photon Counter, Readout electronics, Calibration, Neutrino oscillation, T2K",
}

@article{ABGRALL201125,
title = "Time Projection Chambers for the T2K Near Detectors",
journal = "Nuclear Instruments and Methods in Physics Research Section A: Accelerators, Spectrometers, Detectors and Associated Equipment",
volume = "637",
number = "1",
pages = "25 - 46",
year = "2011",
issn = "0168-9002",
doi = "https://doi.org/10.1016/j.nima.2011.02.036",
url = "http://www.sciencedirect.com/science/article/pii/S0168900211003421",
author = "N. Abgrall and others",
keywords = "Time projection chamber, Drift chamber, Gas system, Micromegas, Neutrino oscillation",
}

@article{tn224, 
	author = {Berardi, V. and others},
	title = "{CC $\bar{\nu_{\mu}}$ Event Selection in the ND280 Tracker using Run 5c Anti-Neutrino Beam Data}",
	journal = {T2K},
	issue = {Technote 224},
	year = {2015}
}

@article{tn401, 
	author = {Berns, L. and others},
	title = "{Flux Prediction and Uncertainty with NA61/SHINE 2010 Replica-Target Data}",
	journal = {T2K},
	issue = {Technote 401},
	year = {2020}
}

\bibitem{RevModPhys.59.671} \textit{Massive Neutrinos and Neutrino Oscillations}, S. M. Bilenky and S. T. Petcov, Rev. Mod. Phys., \textbf{59}, 671, (1987).

\bibitem{kimura2002exact}\textit{Exact Formula of Probability and CP Violation for Neutrino Oscillations in Matter}, K. Kimura, and A. Takamura, and H. Yokomakura, Physics Letters B, \textbf{537}, 86, (2002).

\bibitem{pmns}\textit{Remarks on the Unified Model of Elementary Particles}, Progress of Theoretical Physics, \textbf{28.5}, 870-880,(1962).

\bibitem{abe2011t2k}\textit{The T2K Experiment}, K. Abe et al., Nuclear Instruments and Methods in Physics Research, \textbf{659}, 106, (2011).

\bibitem{PhysRevD.87.012001}\textit{T2K Neutrino Flux Prediction}, K. Abe et al., Phys. Rev. D, \textbf{87}, 34, (2013).

\bibitem{sciolla2009dmtpc} \textit{The DMTPC Project}, G. Sciolla et al., Journal of Physics: Conference Series, \textbf{179}, 1, (2009).

\bibitem{proposal}\textit{Neutrino Scattering R\&D for CP Violation Searches}, P. Hamilton et al., HPTPC Proposal, (2015).

\bibitem{TPC} \textit{Time Projection Chamber}, J. A. Macdonald, American Institute of Physics, \textbf{108}, (1984).

\bibitem{andreopoulos2010genie}, \textit{The GENIE Neutrino Monte Carlo Generator}, C. Andreopoulos et al., Nuclear Instruments and Methods in Physics Research, \textbf{614}, 87, (2010).
  
\bibitem{brun1997root} \textit{ROOT—An Object Oriented Data Analysis Framework}, R. Brun and F. Rademakers, Nuclear Instruments and Methods in Physics Research, \textbf{389}, 81, (1997).
 
\bibitem{TN140}\textit{Muon Neutrino Disappearance Simultaneous Fit of ND280 and SK with Run 1+2+3 Data Using Markov Chain Monte Carlo Analysis}, C. Bojechko and A. Kaboth, Technical Report TN-140, T2K, (2013).
 
\bibitem{TN269}\textit{A Joint ND280-SK 1R$_{\mu}$-SK 1R$_e$ fit of Neutrino and Antineutrino-Mode Data Using MCMC}, K. Duffy, A. Kaboth, P. Dunne, and L. Haegel, Technical Report TN-269, T2K, (2016).

\bibitem{hastings1970monte}\textit{Monte Carlo Sampling Methods Using Markov chains and their Applications}, W. K. Hastings, Biometrika, \textbf{57}, 97, (1970).

\bibitem{CCQEdom}\textit{Using the T2K Near Detector Data to Study Electron Neutrino Charged Current Quasi-Elastic-Like Interactions On Carbon}, S. King, arXiv preprint arXiv:1605.00141 (2016).

\bibitem{transverse}\textit{Probing Nuclear Effects at the T2K Near Detector Using Single-Transverse Kinematic Imbalance}, S. Dolan et al., arXiv preprint arXiv:1610.05077 (2016).

\bibitem{transversepic}\textit{Examining nuclear effects in neutrino interactions with transverse kinematic imbalance}, L. Pickering, arXiv preprint arXiv:1602.06730 (2016).

\bibitem{trex}\textit{TREx: A new TPC reconstruction code}, S. Bordini et al., Technical Report TN-236, T2K, (2016).
